<?xml version="1.0" encoding="UTF-8"?><collection xmlns="http://www.loc.gov/MARC21/slim"><record><leader>00321nam--2200121-i-4500</leader><controlfield tag="001">000022371</controlfield><controlfield tag="002">20161230</controlfield><controlfield tag="005">20161230201034</controlfield><controlfield tag="008">060222s1000------------r-----000-0-eng-d</controlfield><datafield ind1=" " ind2=" " tag="245"><subfield code="a">Horizons in biochemistry</subfield></datafield><datafield ind1=" " ind2=" " tag="260"><subfield code="a">New York, Academic Press, 1962. Xiv + 604p</subfield></datafield><datafield ind1=" " ind2=" " tag="700"><subfield code="a">Michael Kasha And Bernard Pullman</subfield></datafield><datafield ind1=" " ind2=" " tag="852"><subfield code="a">19706</subfield></datafield></record></collection>